<record><leader>00850nbm a2200241 a 4500</leader><controlfield tag="001">010605491</controlfield><controlfield tag="003">MiAaHDL</controlfield><controlfield tag="005">20110215000000.0</controlfield><controlfield tag="006">m        d        </controlfield><controlfield tag="007">cr bn ---auaua</controlfield><controlfield tag="008">830616s1939    ilu||||| |||||||||||eng d</controlfield><datafield tag="035" ind1=" " ind2=" "><subfield code="a">sdr-nwu184345</subfield></datafield><datafield tag="035" ind1=" " ind2=" "><subfield code="9">AFW3217HS</subfield></datafield><datafield tag="040" ind1=" " ind2=" "><subfield code="a">IEN</subfield><subfield code="d">IEN-M</subfield></datafield><datafield tag="100" ind1="1" ind2=" "><subfield code="a">Bellows, John Goldfreed,</subfield><subfield code="d">1903-</subfield></datafield><datafield tag="245" ind1="1" ind2="0"><subfield code="a">Studies on experimental cataract.</subfield></datafield><datafield tag="260" ind1=" " ind2=" "><subfield code="c">1939.</subfield></datafield><datafield tag="300" ind1=" " ind2=" "><subfield code="a">[86] p. ;</subfield><subfield code="c">28 cm.</subfield></datafield><datafield tag="500" ind1=" " ind2=" "><subfield code="a">Includes bibliography.</subfield></datafield><datafield tag="500" ind1=" " ind2=" "><subfield code="a">Vita.</subfield></datafield><datafield tag="502" ind1=" " ind2=" "><subfield code="a">Thesis (Ph.D.) -- Northwestern University, Dept. of Ophthalmology, 1939.</subfield></datafield><datafield tag="538" ind1=" " ind2=" "><subfield code="a">Mode of access: Internet.</subfield></datafield><datafield tag="650" ind1=" " ind2="2"><subfield code="a">Ascorbic Acid</subfield><subfield code="x">pharmacology.</subfield></datafield><datafield tag="650" ind1=" " ind2="2"><subfield code="a">Lens Capsule, Crystalline</subfield><subfield code="x">drug effects.</subfield></datafield><datafield tag="650" ind1=" " ind2="2"><subfield code="a">Cataract</subfield><subfield code="x">drug effects.</subfield></datafield><datafield tag="710" ind1="2" ind2="0"><subfield code="a">Northwestern University (Evanston, Ill.).</subfield><subfield code="b">Dept. of Ophthalmology.</subfield></datafield><datafield tag="740" ind1="0" ind2="1"><subfield code="a">Experimental cataract.</subfield></datafield><datafield tag="740" ind1="0" ind2="0"><subfield code="a">NU dissertation.</subfield><subfield code="p">Ophthalmology.</subfield></datafield><datafield tag="CID" ind1=" " ind2=" "><subfield code="a">010605491</subfield></datafield><datafield tag="DAT" ind1="0" ind2=" "><subfield code="b">20110215000000.0</subfield></datafield><datafield tag="DAT" ind1="1" ind2=" "><subfield code="a">20120815042142.0</subfield><subfield code="b">2022-04-19T17:37:49Z</subfield></datafield><datafield tag="CAT" ind1=" " ind2=" "><subfield code="a">SDR-NWU</subfield><subfield code="d">UNKNOWN</subfield><subfield code="l">loader.pl-001-001</subfield></datafield><datafield tag="FMT" ind1=" " ind2=" "><subfield code="a">MX</subfield></datafield><datafield tag="HOL" ind1=" " ind2=" "><subfield code="0">sdr-nwu184345</subfield><subfield code="a">ien</subfield><subfield code="b">SDR</subfield><subfield code="c">NWU</subfield><subfield code="p">ien.35558002752380</subfield><subfield code="s">IEN</subfield><subfield code="1">184345</subfield></datafield><datafield tag="974" ind1=" " ind2=" "><subfield code="b">IEN</subfield><subfield code="c">NWU</subfield><subfield code="d">20220419</subfield><subfield code="s">google</subfield><subfield code="u">ien.35558002752380</subfield><subfield code="y">1939</subfield><subfield code="r">ic</subfield><subfield code="q">bib</subfield><subfield code="t">US bib date1 &gt;= 1927</subfield></datafield></record>